<record><leader>00000cas a22000007a 4500</leader><controlfield tag="001">1714442</controlfield><controlfield tag="008">751019d19391940mnuwr ne      0    0eng d</controlfield><controlfield tag="009">501</controlfield><datafield ind1=" " ind2=" " tag="010"><subfield code="a">sn 90059420 </subfield></datafield><datafield ind1=" " ind2=" " tag="040"><subfield code="a">MUL</subfield><subfield code="b">eng</subfield><subfield code="c">MUL</subfield><subfield code="d">NPW</subfield><subfield code="d">MN#</subfield><subfield code="d">CRL</subfield><subfield code="d">OCLCQ</subfield><subfield code="d">WIH</subfield><subfield code="d">OCLCA</subfield></datafield><datafield ind1="1" ind2=" " tag="029"><subfield code="a">AU@</subfield><subfield code="b">000025883475</subfield></datafield><datafield ind1="0" ind2=" " tag="041"><subfield code="a">engswe</subfield></datafield><datafield ind1=" " ind2=" " tag="042"><subfield code="a">msc</subfield></datafield><datafield ind1=" " ind2=" " tag="043"><subfield code="a">n-us-mn</subfield><subfield code="a">n-us-wi</subfield></datafield><datafield ind1=" " ind2=" " tag="052"><subfield code="a">4144</subfield><subfield code="b">S4</subfield></datafield><datafield ind1="0" ind2=" " tag="130"><subfield code="a">Minnesota Lutheran (Saint Paul, Minn.)</subfield></datafield><datafield ind1="0" ind2="0" tag="245"><subfield code="a">Minnesota Lutheran.</subfield></datafield><datafield ind1=" " ind2=" " tag="260"><subfield code="a">Saint Paul, Minn. :</subfield><subfield code="b">Minnesota Stats Tidning,</subfield><subfield code="c">1939-1940.</subfield></datafield><datafield ind1=" " ind2=" " tag="300"><subfield code="a">2 v. :</subfield><subfield code="b">ill.</subfield></datafield><datafield ind1=" " ind2=" " tag="310"><subfield code="a">Weekly</subfield></datafield><datafield ind1="0" ind2=" " tag="362"><subfield code="a">Vol. 62, no. 9 (Mar. 1, 1939)-v. 63, no. 26 (June 26, 1940).</subfield></datafield><datafield ind1=" " ind2=" " tag="546"><subfield code="a">English and Swedish.</subfield></datafield><datafield ind1=" " ind2=" " tag="500"><subfield code="a">Published at Clear Lake, Wis., Aug. 16, 1939-June 26, 1940.</subfield></datafield><datafield ind1=" " ind2=" " tag="530"><subfield code="a">Available on microfilm from the Minnesota Historical Society.</subfield></datafield><datafield ind1=" " ind2="0" tag="650"><subfield code="a">Swedish Americans</subfield><subfield code="z">Minnesota</subfield><subfield code="v">Newspapers.</subfield></datafield><datafield ind1=" " ind2="0" tag="650"><subfield code="a">Swedish Americans</subfield><subfield code="z">Wisconsin</subfield><subfield code="v">Newspapers.</subfield></datafield><datafield ind1=" " ind2="0" tag="650"><subfield code="a">Lutherans</subfield><subfield code="z">Minnesota</subfield><subfield code="v">Periodicals.</subfield></datafield><datafield ind1=" " ind2="0" tag="650"><subfield code="a">Lutherans</subfield><subfield code="z">Wisconsin</subfield><subfield code="v">Periodicals.</subfield></datafield><datafield ind1=" " ind2="0" tag="651"><subfield code="a">Saint Paul (Minn.)</subfield><subfield code="v">Newspapers.</subfield></datafield><datafield ind1=" " ind2="0" tag="651"><subfield code="a">Clear Lake (Wis.)</subfield><subfield code="v">Newspapers.</subfield></datafield><datafield ind1=" " ind2=" " tag="752"><subfield code="a">United States</subfield><subfield code="b">Minnesota</subfield><subfield code="c">Ramsey</subfield><subfield code="d">Saint Paul.</subfield></datafield><datafield ind1=" " ind2=" " tag="752"><subfield code="a">United States</subfield><subfield code="b">Wisconsin</subfield><subfield code="c">Polk</subfield><subfield code="d">Clear Lake.</subfield></datafield><datafield ind1="0" ind2="0" tag="780"><subfield code="t">Minnesota stats tidning (Saint Paul, Minn. : 1895)</subfield><subfield code="w">(DLC)sn 83045299</subfield><subfield code="w">(OCoLC)1644784</subfield></datafield></record>